%%%%% ARTICLES %%%%%%%%%%%%%%%%%%%%%%%%%%%%%%%%%%%%%%%

%%%%%%%%% 2013 %%%%%%%%%%%%%%%%%%%%%%%%%%%%%%%%%%%%%%%

@article{sanchez2013clustering,
  title={Clustering for Intrusion Detection: Network Scans as a Case of Study},
  author={S{\'a}nchez, Ra{\'u}l and Herrero, {\'A}lvaro and Corchado, Emilio},
  booktitle={International Joint Conference CISISâ€™12-ICEUTE{\'{}} 12-SOCO{\'{}} 12 Special Sessions},
  pages={33--45},
  year={2013},
  organization={Springer}
}

@article{modelbasedsurveySalahMD13,
  author    = {Saeed Salah and
               Gabriel Maci{\'a}-Fern{\'a}ndez and
               Jes{\'u}s E. D\'{\i}az-Verdejo},
  title     = {A model-based survey of alert correlation techniques},
  journal   = {Computer Networks},
  volume    = {57},
  number    = {5},
  year      = {2013},
  pages     = {1289-1317},
  ee        = {http://dx.doi.org/10.1016/j.comnet.2012.10.022},
  bibsource = {DBLP, http://dblp.uni-trier.de}
}

@article{thomas2013application,
  title={Application of Machine Learning for Intrusion Detection: Challenges and Solutions},
  author={Thomas, Ciza},
  year={2013}
}

@article{bajaj2013improving,
  title={Improving the Intrusion Detection using Discriminative Machine Learning Approach and Improve the Time Complexity by Data Mining Feature Selection Methods},
  author={Bajaj, Karan and Arora, Amit},
  journal={International Journal of Computer Applications},
  volume={76},
  number={1},
  pages={5--11},
  year={2013}
}

%%%%%%%%% 2012 %%%%%%%%%%%%%%%%%%%%%%%%%%%%%%%%%%%%%%%

@article{panda2012hybrid,
  title={A Hybrid Intelligent Approach for Network Intrusion Detection},
  author={Panda, Mrutyunjaya and Abraham, Ajith and Patra, Manas Ranjan},
  journal={Procedia Engineering},
  volume={30},
  pages={1--9},
  year={2012},
  publisher={Elsevier}
}

%%%%%%%%% 2011 %%%%%%%%%%%%%%%%%%%%%%%%%%%%%%%%%%%%%%%

@article{alertcorrelationElshoushO11,
  author    = {Huwaida Tagelsir Elshoush and
               Izzeldin Mohamed Osman},
  title     = {Alert correlation in collaborative intelligent intrusion
               detection systems - A survey},
  journal   = {Appl. Soft Comput.},
  volume    = {11},
  number    = {7},
  year      = {2011},
  pages     = {4349-4365},
  ee        = {http://dx.doi.org/10.1016/j.asoc.2010.12.004},
  bibsource = {DBLP, http://dblp.uni-trier.de}
}

@article{sangkatsanee2011practical,
  title={Practical real-time intrusion detection using machine learning approaches},
  author={Sangkatsanee, Phurivit and Wattanapongsakorn, Naruemon and Charnsripinyo, Chalermpol},
  journal={Computer Communications},
  volume={34},
  number={18},
  pages={2227--2235},
  year={2011},
  publisher={Elsevier}
}

@article{deshmukhDetectionOfAttacks,
	title = {Detection of Attacks in an Intrusion Detection System},
    author = {Kaushik, Sapna S. and Deshmukh, Dr. Prof. P. R.},
    journal={International Journal of Computer Science and Information Technologies},
    volume={2},
    number={3},
    pages={982--986},
    year={2011},
    url = "http://citeseerx.ist.psu.edu/viewdoc/download?rep=rep1&type=pdf&doi=10.1.1.206.2320",
}

%%%%%%%%% 2010 %%%%%%%%%%%%%%%%%%%%%%%%%%%%%%%%%%%%%%%

@article{chen2010efficientnetworkintrusion,
  title={An efficient network intrusion detection},
  author={Chen, Chia-Mei and Chen, Ya-Lin and Lin, Hsiao-Chung},
  journal={Computer communications},
  volume={33},
  number={4},
  pages={477--484},
  year={2010},
  publisher={Elsevier}
}

@article{zhou2010survey,
  title={A survey of coordinated attacks and collaborative intrusion detection},
  author={Zhou, Chenfeng Vincent and Leckie, Christopher and Karunasekera, Shanika},
  journal={Computers \& Security},
  volume={29},
  number={1},
  pages={124--140},
  year={2010},
  publisher={Elsevier}
}

@article{tsai2010triangle,
  title={A triangle area based nearest neighbors approach to intrusion detection},
  author={Tsai, Chih-Fong and Lin, Chia-Ying},
  journal={Pattern Recognition},
  volume={43},
  number={1},
  pages={222--229},
  year={2010},
  publisher={Elsevier}
}

%%%%%%%%% 2009 %%%%%%%%%%%%%%%%%%%%%%%%%%%%%%%%%%%%%%%

@article{garcia2009anomaly,
  title={Anomaly-based network intrusion detection: Techniques, systems and challenges},
  author={Garcia-Teodoro, Pedro and Diaz-Verdejo, J and Maci{\'a}-Fern{\'a}ndez, Gabriel and V{\'a}zquez, Enrique},
  journal={computers \& security},
  volume={28},
  number={1},
  pages={18--28},
  year={2009},
  publisher={Elsevier}
}

@article{aydin2009hybrid,
  title={A hybrid intrusion detection system design for computer network security},
  author={Ayd{\i}n, M Ali and Zaim, A Halim and Ceylan, K G{\"o}khan},
  journal={Computers \& Electrical Engineering},
  volume={35},
  number={3},
  pages={517--526},
  year={2009},
  publisher={Elsevier}
}

@article{tsai2009intrusion,
  title={Intrusion detection by machine learning: A review},
  author={Tsai, Chih-Fong and Hsu, Yu-Feng and Lin, Chia-Ying and Lin, Wei-Yang},
  journal={Expert Systems with Applications},
  volume={36},
  number={10},
  pages={11994--12000},
  year={2009},
  publisher={Elsevier}
}

@article{abdullah2005visualizing,
  title={Visualizing network data for intrusion detection},
  author={Abdullah, Kulsoom and Lee, Chris and Conti, Gregory and Copeland, John A},
  booktitle={Information Assurance Workshop, 2005. IAW'05. Proceedings from the Sixth Annual IEEE SMC},
  pages={100--108},
  year={2005},
  organization={IEEE}
}


%%%%% BOOKS %%%%%%%%%%%%%%%%%%%%%%%%%%%%%%%%%%%%%%%%%

@book{panko2012businessanddatanetworkssecurity,
  title={Business Data Networks and Security},
  author={Panko, Raymond R. and Panko, Julia},
  volume={9},
  year={2012},
  publisher={Prentice Hall}
}

@book{tanenbaum2002distributed,
  title={Distributed systems},
  author={Tanenbaum, Andrew S and Van Steen, Maarten},
  volume={2},
  year={2002},
  publisher={Prentice Hall}
}

@book{jonsson1994security,
  title={Security in a Dependability Perspective},
  author={Jonsson, Erland and Olovsson, Tomas},
  year={1994},
  publisher={Chalmers University of Technology, School of Electrical and Computer Engineering, Department of Computer Engineering}
}


%%%%%%%%%% MISC %%%%%%%%%%%%%%%%%%%%%%%%%%%%%%%%%%%%%%%%
@misc{LorenzoMaliciousSW2013MOOC,
	author = {Cavallaro, Lorenzo},
	title = {Malicious Software and its Underground Economy: Two Sides to Every Story},
	month = {June},
	year = {2013},
	howpublished = {Coursera-https://www.coursera.org/course/malsoftware}
}

@misc{SNORT,
	author = {Roesch, M. and Green, C.},
	title = {SNORT},
	year = {2004},
	howpublished = {http://www.snort.org}
}

@misc{IDEVAL,
	title = {Data set, 1999 {DARPA Intrusion Detection Evaluation Data Set}},
	year = {1999},
	howpublished = {http://www.ll.mit.edu/mission/communications/
	cyber/CSTcorpora/ideval/data/1999data.html}
}

@misc{KDD-99,
	title = {Data set, {KDD Cup 1999 Data}},
	year = {1999},
	howpublished = {http://kdd.ics.uci.edu/databases/kddcup99/kddcup99.html}
}

@misc{NSL-KDD,
	title = {Data set, {NSL-KDD Data Set}},
	year = {1999},
	howpublished = {http://nsl.cs.unb.ca/NSL-KDD}
}

@misc{IDWG,
	title = {{Intrusion Detection Working Group}},
	year = {1999},
	howpublished = {http://www.ietf.org/wg/concluded/idwgr.html}
}

@misc{CIDF,
	title = {{Common Intrusion Detection Framework}},
	year={1998},
	howpublished={http://www.ietf.org/wg-descriptions/cidf.desc.txt}
}

@misc{NTP,
	title={The Network Time Protocol},
	year={1992},
	howpublished={http://www.ntp.org/}
}

@misc{RFC4254,
	title={The Secure Shell (SSH) Connection Protocol},
	year={2006},
	howpublished={http://www.ietf.org/rfc/rfc4254.txt}
}

@misc{mongoDB,
	title={mongoDB},
	year={2009},
	howpublished={http://www.mongodb.org}
}


%%%%%%%%%%%%%%% TECH REPORT %%%%%%%%%%%%%%%%%%%%%%%%%%%%%%%%%%%%%

@TechReport{checkpointsecurityreport2013,
title = {{Check Point 2013 Security Report}},
institution = {Check Point Software Technologies Ltd.},
year = {2013},
OPTmonth = {January},
}
